<record><leader>00000cas a22000007a 4500</leader><controlfield tag="001">11492998</controlfield><controlfield tag="008">841214d18871973nhuwr ne      0    0eng d</controlfield><datafield ind1=" " ind2=" " tag="010"><subfield code="a">sn 84027733 </subfield></datafield><datafield ind1=" " ind2=" " tag="040"><subfield code="a">NPU</subfield><subfield code="b">eng</subfield><subfield code="c">NPU</subfield><subfield code="d">NVH</subfield><subfield code="d">OCLCQ</subfield></datafield><datafield ind1=" " ind2=" " tag="042"><subfield code="a">msc</subfield></datafield><datafield ind1="0" ind2="0" tag="245"><subfield code="a">Plymouth record.</subfield></datafield><datafield ind1=" " ind2=" " tag="260"><subfield code="a">Plymouth, N.H. :</subfield><subfield code="b">Record Pub.</subfield></datafield><datafield ind1=" " ind2=" " tag="300"><subfield code="a">v.</subfield></datafield><datafield ind1=" " ind2=" " tag="310"><subfield code="a">Weekly</subfield></datafield><datafield ind1="0" ind2=" " tag="362"><subfield code="a">Vol. 1, no. 1 (Jan. 1, 1887)-v. 85, no. 34 (Aug. 22, 1973).</subfield></datafield><datafield ind1=" " ind2=" " tag="752"><subfield code="a">United States</subfield><subfield code="b">New Hampshire</subfield><subfield code="c">Grafton</subfield><subfield code="d">Plymouth.</subfield></datafield><datafield ind1="0" ind2="0" tag="780"><subfield code="t">Grafton County journal</subfield><subfield code="w">(DLC)sn 84037861</subfield></datafield><datafield ind1="0" ind2="7" tag="785"><subfield code="t">Ashland citizen</subfield><subfield code="w">(DLC)sn 89068015</subfield></datafield><datafield ind1="0" ind2="7" tag="785"><subfield code="t">Record citizen</subfield><subfield code="w">(DLC)sn 90062316</subfield></datafield></record>